<?xml version="1.0" encoding="UTF-8"?>
<OAI-PMH xmlns="http://www.openarchives.org/OAI/2.0/" xmlns:xsi="http://www.w3.org/2001/XMLSchema-instance" xsi:schemaLocation="http://www.openarchives.org/OAI/2.0/ http://www.openarchives.org/OAI/2.0/OAI-PMH.xsd">
  <ListRecords>
    <record>
      <header>
        <identifier>aleph-publish:001510737</identifier>
      </header>
      <metadata>
        <record xmlns="http://www.ddb.de/professionell/mabxml/mabxml-1.xsd">
          <leader>00000nM2.01200024------h</leader>
          <controlfield tag="LDR">00000nM2.01200024------h</controlfield>
          <controlfield tag="FMT">MH</controlfield>
          <datafield tag="001" ind1="-" ind2="1">
            <subfield code="a">HT002195185</subfield>
          </datafield>
          <datafield tag="002" ind1="a" ind2="1">
            <subfield code="a">19991120</subfield>
          </datafield>
          <datafield tag="003" ind1="-" ind2="1">
            <subfield code="a">20120808102549</subfield>
          </datafield>
          <datafield tag="020" ind1="a" ind2="1">
            <subfield code="a">625746-x</subfield>
            <subfield code="b">DNB</subfield>
          </datafield>
          <datafield tag="025" ind1="a" ind2="1">
            <subfield code="a">013619187</subfield>
          </datafield>
          <datafield tag="025" ind1="z" ind2="1">
            <subfield code="a">625746-x</subfield>
          </datafield>
          <datafield tag="025" ind1="o" ind2="1">
            <subfield code="a">224545750</subfield>
          </datafield>
          <datafield tag="026" ind1="-" ind2="1">
            <subfield code="a">ZDB625746-x</subfield>
          </datafield>
          <controlfield tag="030">b|zucz|z|||27</controlfield>
          <datafield tag="036" ind1="a" ind2="1">
            <subfield code="a">XA-DE</subfield>
          </datafield>
          <datafield tag="037" ind1="b" ind2="1">
            <subfield code="a">ger</subfield>
          </datafield>
          <controlfield tag="050">a|a|||||||||||</controlfield>
          <controlfield tag="052">p||||||za||||||</controlfield>
          <datafield tag="070" ind1="-" ind2="1">
            <subfield code="a">9001</subfield>
          </datafield>
          <datafield tag="070" ind1="a" ind2="1">
            <subfield code="a">DNB</subfield>
          </datafield>
          <datafield tag="070" ind1="b" ind2="1">
            <subfield code="a">9001</subfield>
          </datafield>
          <datafield tag="073" ind1="-" ind2="1">
            <subfield code="a">24</subfield>
          </datafield>
          <datafield tag="076" ind1="-" ind2="1">
            <subfield code="a">||b|||</subfield>
          </datafield>
          <datafield tag="078" ind1="n" ind2="1">
            <subfield code="a">NWBib-61</subfield>
          </datafield>
          <datafield tag="200" ind1="-" ind2="1">
            <subfield code="k">Hochschulbibliothekszentrum des Landes Nordrhein-Westfalen</subfield>
            <subfield code="9">(DE-588)2047974-8</subfield>
          </datafield>
          <datafield tag="331" ind1="-" ind2="1">
            <subfield code="a">Tätigkeitsbericht</subfield>
          </datafield>
          <datafield tag="333" ind1="-" ind2="1">
            <subfield code="a">Hochschulbibliothekszentrum des Landes Nordrhein-Westfalen</subfield>
          </datafield>
          <datafield tag="405" ind1="-" ind2="1">
            <subfield code="a">1981(1982) - 2001(2002)</subfield>
          </datafield>
          <datafield tag="410" ind1="-" ind2="1">
            <subfield code="a">Köln</subfield>
          </datafield>
          <datafield tag="412" ind1="-" ind2="1">
            <subfield code="a">HBZ</subfield>
          </datafield>
          <datafield tag="425" ind1="b" ind2="1">
            <subfield code="a">1982</subfield>
          </datafield>
          <datafield tag="425" ind1="c" ind2="1">
            <subfield code="a">2002</subfield>
          </datafield>
          <datafield tag="527" ind1="z" ind2="1">
            <subfield code="p">Online-Ausg. ---&gt;</subfield>
            <subfield code="a">Hochschulbibliothekszentrum des Landes Nordrhein-Westfalen: Tätigkeitsbericht ...</subfield>
            <subfield code="9">HT015871237</subfield>
          </datafield>
          <datafield tag="533" ind1="z" ind2="1">
            <subfield code="p">Forts. ---&gt;</subfield>
            <subfield code="a">Hochschulbibliothekszentrum des Landes Nordrhein-Westfalen: Jahresbericht</subfield>
            <subfield code="9">HT013799778</subfield>
          </datafield>
          <datafield tag="537" ind1="-" ind2="1">
            <subfield code="a">5!(21-10-03)</subfield>
          </datafield>
          <datafield tag="542" ind1="z" ind2="1">
            <subfield code="b">kart.</subfield>
          </datafield>
          <datafield tag="574" ind1="-" ind2="1">
            <subfield code="a">86,B02,0012</subfield>
          </datafield>
          <datafield tag="700" ind1="-" ind2="1">
            <subfield code="a">02</subfield>
            <subfield code="a">DNB</subfield>
          </datafield>
          <datafield tag="700" ind1="-" ind2="1">
            <subfield code="a">020</subfield>
            <subfield code="a">DNB</subfield>
          </datafield>
          <datafield tag="700" ind1="-" ind2="1">
            <subfield code="a">070</subfield>
            <subfield code="a">DNB</subfield>
          </datafield>
          <datafield tag="700" ind1="-" ind2="1">
            <subfield code="a">090</subfield>
            <subfield code="a">DNB</subfield>
          </datafield>
          <datafield tag="700" ind1="-" ind2="1">
            <subfield code="a">020</subfield>
            <subfield code="a">ZDB</subfield>
          </datafield>
          <datafield tag="700" ind1="l" ind2="1">
            <subfield code="a">560</subfield>
          </datafield>
          <datafield tag="700" ind1="z" ind2="1">
            <subfield code="a">135</subfield>
          </datafield>
          <datafield tag="700" ind1="g" ind2="1">
            <subfield code="a">AN 80458</subfield>
          </datafield>
          <datafield tag="700" ind1="n" ind2="1">
            <subfield code="a">01</subfield>
          </datafield>
          <datafield tag="700" ind1="n" ind2="1">
            <subfield code="a">99</subfield>
            <subfield code="b">Köln</subfield>
          </datafield>
          <datafield tag="700" ind1="n" ind2="1">
            <subfield code="a">865000</subfield>
          </datafield>
          <datafield tag="902" ind1="-" ind2="1">
            <subfield code="k">Hochschulbibliothekszentrum des Landes Nordrhein-Westfalen</subfield>
            <subfield code="9">(DE-588)4194078-7</subfield>
          </datafield>
          <datafield tag="902" ind1="-" ind2="1">
            <subfield code="f">Bericht</subfield>
          </datafield>
          <datafield tag="902" ind1="-" ind2="1">
            <subfield code="z">Geschichte 1981-2001</subfield>
          </datafield>
          <datafield tag="904" ind1="a" ind2="1">
            <subfield code="a">DE-600DE-600</subfield>
          </datafield>
          <controlfield tag="SYS">001510737</controlfield>
          <datafield tag="016" ind1="-" ind2="1">
            <subfield code="a">551106328</subfield>
            <subfield code="b">DNB</subfield>
          </datafield>
          <datafield tag="406" ind1="a" ind2="1">
            <subfield code="j">1981</subfield>
            <subfield code="k">2001</subfield>
          </datafield>
          <datafield tag="PSW" ind1="-" ind2="1">
            <subfield code="k">HBZ</subfield>
            <subfield code="9">(DE-588)4194078-7</subfield>
          </datafield>
          <datafield tag="PSW" ind1="-" ind2="1">
            <subfield code="k">HBZ</subfield>
            <subfield code="9">(DE-588)4194078-7</subfield>
          </datafield>
          <datafield tag="PKO" ind1="-" ind2="1">
            <subfield code="k">Hochschulbibliothekszentrum</subfield>
            <subfield code="9">(DE-588)2047974-8</subfield>
          </datafield>
          <datafield tag="PKO" ind1="-" ind2="1">
            <subfield code="k">Hochschulbibliothekszentrum NRW</subfield>
            <subfield code="9">(DE-588)2047974-8</subfield>
          </datafield>
          <datafield tag="PKO" ind1="-" ind2="1">
            <subfield code="k">hbz</subfield>
            <subfield code="9">(DE-588)2047974-8</subfield>
          </datafield>
          <datafield tag="PKO" ind1="-" ind2="1">
            <subfield code="k">Hochschulbibliothekszentrum</subfield>
            <subfield code="9">(DE-588)2047974-8</subfield>
          </datafield>
          <datafield tag="PKO" ind1="-" ind2="1">
            <subfield code="k">Hochschulbibliothekszentrum NRW</subfield>
            <subfield code="9">(DE-588)2047974-8</subfield>
          </datafield>
          <datafield tag="PKO" ind1="-" ind2="1">
            <subfield code="k">hbz</subfield>
            <subfield code="9">(DE-588)2047974-8</subfield>
          </datafield>
          <datafield tag="PKO" ind1="-" ind2="1">
            <subfield code="k">Hochschulbibliothekszentrum</subfield>
            <subfield code="9">(DE-588)2047974-8</subfield>
          </datafield>
          <datafield tag="PKO" ind1="-" ind2="1">
            <subfield code="k">Hochschulbibliothekszentrum NRW</subfield>
            <subfield code="9">(DE-588)2047974-8</subfield>
          </datafield>
          <datafield tag="PKO" ind1="-" ind2="1">
            <subfield code="k">hbz</subfield>
            <subfield code="9">(DE-588)2047974-8</subfield>
          </datafield>
          <datafield tag="PSW" ind1="-" ind2="1">
            <subfield code="k">HBZ</subfield>
            <subfield code="9">(DE-588)4194078-7</subfield>
          </datafield>
          <datafield tag="200" ind1=" " ind2=" ">
            <subfield code="0">1</subfield>
            <subfield code="b">1981(1982) - 2001(2002)</subfield>
            <subfield code="f">P 02/01 h 16</subfield>
          </datafield>
          <datafield tag="700" ind1=" " ind2=" ">
            <subfield code="9">01</subfield>
          </datafield>
          <datafield tag="OWN" ind1=" " ind2=" ">
            <subfield code="a">P0001</subfield>
          </datafield>
          <datafield tag="PLK" ind1=" " ind2=" ">
            <subfield code="a">PAR</subfield>
            <subfield code="l">PAD01</subfield>
            <subfield code="b">001109647</subfield>
            <subfield code="m">Auch unter dem Titel:^Tätigkeitsbericht.^1982</subfield>
            <subfield code="n">Auch unter dem Titel:^Tätigkeitsbericht ....^1998</subfield>
          </datafield>
          <datafield tag="PLK" ind1=" " ind2=" ">
            <subfield code="a">PAR</subfield>
            <subfield code="l">PAD01</subfield>
            <subfield code="b">001509552</subfield>
            <subfield code="m">Früher unter dem Titel:^Tätigkeitsbericht.^1982</subfield>
            <subfield code="n">Später unter dem Titel:^Jahresbericht.^2003</subfield>
          </datafield>
          <datafield tag="LOC" ind1=" " ind2=" ">
            <subfield code="m">ISSBD</subfield>
            <subfield code="a">P0001</subfield>
            <subfield code="b">02</subfield>
            <subfield code="d">01h16</subfield>
            <subfield code="g">1981-1983</subfield>
            <subfield code="n">36</subfield>
            <subfield code="k">20130419</subfield>
            <subfield code="5">1510741-20</subfield>
          </datafield>
          <datafield tag="LOC" ind1=" " ind2=" ">
            <subfield code="m">ISSBD</subfield>
            <subfield code="a">P0001</subfield>
            <subfield code="b">02</subfield>
            <subfield code="d">01h16</subfield>
            <subfield code="g">1984-1986</subfield>
            <subfield code="n">36</subfield>
            <subfield code="k">20130419</subfield>
            <subfield code="5">1510741-30</subfield>
          </datafield>
          <datafield tag="LOC" ind1=" " ind2=" ">
            <subfield code="m">ISSBD</subfield>
            <subfield code="a">P0001</subfield>
            <subfield code="b">02</subfield>
            <subfield code="d">01h16</subfield>
            <subfield code="g">1987-1989</subfield>
            <subfield code="n">36</subfield>
            <subfield code="k">20130419</subfield>
            <subfield code="5">1510741-40</subfield>
          </datafield>
          <datafield tag="LOC" ind1=" " ind2=" ">
            <subfield code="m">ISSBD</subfield>
            <subfield code="a">P0001</subfield>
            <subfield code="b">02</subfield>
            <subfield code="d">01h16</subfield>
            <subfield code="g">1990-1992</subfield>
            <subfield code="n">36</subfield>
            <subfield code="k">20130513</subfield>
            <subfield code="5">1510741-50</subfield>
          </datafield>
          <datafield tag="LOC" ind1=" " ind2=" ">
            <subfield code="m">ISSBD</subfield>
            <subfield code="a">P0001</subfield>
            <subfield code="b">02</subfield>
            <subfield code="d">01h16</subfield>
            <subfield code="g">1993-1995</subfield>
            <subfield code="n">36</subfield>
            <subfield code="k">20130419</subfield>
            <subfield code="5">1510741-60</subfield>
          </datafield>
          <datafield tag="LOC" ind1=" " ind2=" ">
            <subfield code="m">ISSBD</subfield>
            <subfield code="a">P0001</subfield>
            <subfield code="b">02</subfield>
            <subfield code="d">01h16</subfield>
            <subfield code="g">1996-1998</subfield>
            <subfield code="n">36</subfield>
            <subfield code="k">20130419</subfield>
            <subfield code="5">1510741-70</subfield>
          </datafield>
          <datafield tag="LOC" ind1=" " ind2=" ">
            <subfield code="m">ISSBD</subfield>
            <subfield code="a">P0001</subfield>
            <subfield code="b">02</subfield>
            <subfield code="d">01h16</subfield>
            <subfield code="g">1999-2001</subfield>
            <subfield code="n">36</subfield>
            <subfield code="k">20120830</subfield>
            <subfield code="5">1510741-10</subfield>
          </datafield>
        </record>
      </metadata>
    </record>
  </ListRecords>
</OAI-PMH>
